%%% ====================================================================
%%%  BibTeX-file{
%%%     author          = "Gerry Murray",
%%%     version         = "1.2",
%%%     date            = "2 April 2012",
%%%     filename        = "acmsmall-sample-bibfile.bib",
%%%     address         = "ACM, NY",
%%%     email           = "murray at hq.acm.org",
%%%     codetable       = "ISO/ASCII",
%%%     keywords        = "ACM Reference Format, bibliography, citation, references",
%%%     supported       = "yes",
%%%     docstring       = "This BibTeX database file contains 'bibdata' entries
%%%                        that 'match' the examples provided in the Specifications Document
%%%                        AND, also, 'legacy'-type bibs. It should assist authors in
%%%                        choosing the 'correct' at-bibtype and necessary bib-fields
%%%                        so as to obtain the appropriate ACM Reference Format output.
%%%                        It also contains many 'Standard Abbreviations'. "
%%%  }
%%% ====================================================================

% Journals

% First the Full Name is given, then the abbreviation used in the AMS Math
% Reviews, with an indication if it could not be found there.
% Note the 2nd overwrites the 1st, so swap them if you want the full name.

 %{AMS}
 @String{AMSTrans = "American Mathematical Society Translations" }
 @String{AMSTrans = "Amer. Math. Soc. Transl." }
 @String{BullAMS = "Bulletin of the American Mathematical Society" }
 @String{BullAMS = "Bull. Amer. Math. Soc." }
 @String{ProcAMS = "Proceedings of the American Mathematical Society" }
 @String{ProcAMS = "Proc. Amer. Math. Soc." }
 @String{TransAMS = "Transactions of the American Mathematical Society" }
 @String{TransAMS = "Trans. Amer. Math. Soc." }

 %ACM
 @String{CACM = "Communications of the {ACM}" }
 @String{CACM = "Commun. {ACM}" }
 @String{CompServ = "Comput. Surveys" }
 @String{JACM = "J. ACM" }
 @String{ACMMathSoft = "{ACM} Transactions on Mathematical Software" }
 @String{ACMMathSoft = "{ACM} Trans. Math. Software" }
 @String{SIGNUM = "{ACM} {SIGNUM} Newsletter" }
 @String{SIGNUM = "{ACM} {SIGNUM} Newslett." }

 @String{AmerSocio = "American Journal of Sociology" }
 @String{AmerStatAssoc = "Journal of the American Statistical Association" }
 @String{AmerStatAssoc = "J. Amer. Statist. Assoc." }
 @String{ApplMathComp = "Applied Mathematics and Computation" }
 @String{ApplMathComp = "Appl. Math. Comput." }
 @String{AmerMathMonthly = "American Mathematical Monthly" }
 @String{AmerMathMonthly = "Amer. Math. Monthly" }
 @String{BIT = "{BIT}" }
 @String{BritStatPsych = "British Journal of Mathematical and Statistical
          Psychology" }
 @String{BritStatPsych = "Brit. J. Math. Statist. Psych." }
 @String{CanMathBull = "Canadian Mathematical Bulletin" }
 @String{CanMathBull = "Canad. Math. Bull." }
 @String{CompApplMath = "Journal of Computational and Applied Mathematics" }
 @String{CompApplMath = "J. Comput. Appl. Math." }
 @String{CompPhys = "Journal of Computational Physics" }
 @String{CompPhys = "J. Comput. Phys." }
 @String{CompStruct = "Computers and Structures" }
 @String{CompStruct = "Comput. \& Structures" }
 @String{CompJour = "The Computer Journal" }
 @String{CompJour = "Comput. J." }
 @String{CompSysSci = "Journal of Computer and System Sciences" }
 @String{CompSysSci = "J. Comput. System Sci." }
 @String{Computing = "Computing" }
 @String{ContempMath = "Contemporary Mathematics" }
 @String{ContempMath = "Contemp. Math." }
 @String{Crelle = "Crelle's Journal" }
 @String{GiornaleMath = "Giornale di Mathematiche" }
 @String{GiornaleMath = "Giorn. Mat." } % didn't find in AMS MR., ibid.

 %IEEE
 @String{Computer = "{IEEE} Computer" }
 @String{IEEETransComp = "{IEEE} Transactions on Computers" }
 @String{IEEETransComp = "{IEEE} Trans. Comput." }
 @String{IEEETransAC = "{IEEE} Transactions on Automatic Control" }
 @String{IEEETransAC = "{IEEE} Trans. Automat. Control" }
 @String{IEEESpec = "{IEEE} Spectrum" } % didn't find in AMS MR
 @String{ProcIEEE = "Proceedings of the {IEEE}" }
 @String{ProcIEEE = "Proc. {IEEE}" } % didn't find in AMS MR
 @String{IEEETransAeroElec = "{IEEE} Transactions on Aerospace and Electronic
     Systems" }
 @String{IEEETransAeroElec = "{IEEE} Trans. Aerospace Electron. Systems" }

 @String{IMANumerAna = "{IMA} Journal of Numerical Analysis" }
 @String{IMANumerAna = "{IMA} J. Numer. Anal." }
 @String{InfProcLet = "Information Processing Letters" }
 @String{InfProcLet = "Inform. Process. Lett." }
 @String{InstMathApp = "Journal of the Institute of Mathematics and
     its Applications" }
 @String{InstMathApp = "J. Inst. Math. Appl." }
 @String{IntControl = "International Journal of Control" }
 @String{IntControl = "Internat. J. Control" }
 @String{IntNumerEng = "International Journal for Numerical Methods in
     Engineering" }
 @String{IntNumerEng = "Internat. J. Numer. Methods Engrg." }
 @String{IntSuper = "International Journal of Supercomputing Applications" }
 @String{IntSuper = "Internat. J. Supercomputing Applic." } % didn't find
%% in AMS MR
 @String{Kibernetika = "Kibernetika" }
 @String{JResNatBurStand = "Journal of Research of the National Bureau
     of Standards" }
 @String{JResNatBurStand = "J. Res. Nat. Bur. Standards" }
 @String{LinAlgApp = "Linear Algebra and its Applications" }
 @String{LinAlgApp = "Linear Algebra Appl." }
 @String{MathAnaAppl = "Journal of Mathematical Analysis and Applications" }
 @String{MathAnaAppl = "J. Math. Anal. Appl." }
 @String{MathAnnalen = "Mathematische Annalen" }
 @String{MathAnnalen = "Math. Ann." }
 @String{MathPhys = "Journal of Mathematical Physics" }
 @String{MathPhys = "J. Math. Phys." }
 @String{MathComp = "Mathematics of Computation" }
 @String{MathComp = "Math. Comp." }
 @String{MathScand = "Mathematica Scandinavica" }
 @String{MathScand = "Math. Scand." }
 @String{TablesAidsComp = "Mathematical Tables and Other Aids to Computation" }
 @String{TablesAidsComp = "Math. Tables Aids Comput." }
 @String{NumerMath = "Numerische Mathematik" }
 @String{NumerMath = "Numer. Math." }
 @String{PacificMath = "Pacific Journal of Mathematics" }
 @String{PacificMath = "Pacific J. Math." }
 @String{ParDistComp = "Journal of Parallel and Distributed Computing" }
 @String{ParDistComp = "J. Parallel and Distrib. Comput." } % didn't find
%% in AMS MR
 @String{ParComputing = "Parallel Computing" }
 @String{ParComputing = "Parallel Comput." }
 @String{PhilMag = "Philosophical Magazine" }
 @String{PhilMag = "Philos. Mag." }
 @String{ProcNAS = "Proceedings of the National Academy of Sciences
                    of the USA" }
 @String{ProcNAS = "Proc. Nat. Acad. Sci. U. S. A." }
 @String{Psychometrika = "Psychometrika" }
 @String{QuartMath = "Quarterly Journal of Mathematics, Oxford, Series (2)" }
 @String{QuartMath = "Quart. J. Math. Oxford Ser. (2)" }
 @String{QuartApplMath = "Quarterly of Applied Mathematics" }
 @String{QuartApplMath = "Quart. Appl. Math." }
 @String{RevueInstStat = "Review of the International Statisical Institute" }
 @String{RevueInstStat = "Rev. Inst. Internat. Statist." }

 %SIAM
 @String{JSIAM = "Journal of the Society for Industrial and Applied
     Mathematics" }
 @String{JSIAM = "J. Soc. Indust. Appl. Math." }
 @String{JSIAMB = "Journal of the Society for Industrial and Applied
     Mathematics, Series B, Numerical Analysis" }
 @String{JSIAMB = "J. Soc. Indust. Appl. Math. Ser. B Numer. Anal." }
 @String{SIAMAlgMeth = "{SIAM} Journal on Algebraic and Discrete Methods" }
 @String{SIAMAlgMeth = "{SIAM} J. Algebraic Discrete Methods" }
 @String{SIAMAppMath = "{SIAM} Journal on Applied Mathematics" }
 @String{SIAMAppMath = "{SIAM} J. Appl. Math." }
 @String{SIAMComp = "{SIAM} Journal on Computing" }
 @String{SIAMComp = "{SIAM} J. Comput." }
 @String{SIAMMatrix = "{SIAM} Journal on Matrix Analysis and Applications" }
 @String{SIAMMatrix = "{SIAM} J. Matrix Anal. Appl." }
 @String{SIAMNumAnal = "{SIAM} Journal on Numerical Analysis" }
 @String{SIAMNumAnal = "{SIAM} J. Numer. Anal." }
 @String{SIAMReview = "{SIAM} Review" }
 @String{SIAMReview = "{SIAM} Rev." }
 @String{SIAMSciStat = "{SIAM} Journal on Scientific and Statistical
     Computing" }
 @String{SIAMSciStat = "{SIAM} J. Sci. Statist. Comput." }

 @String{SoftPracExp = "Software Practice and Experience" }
 @String{SoftPracExp = "Software Prac. Experience" } % didn't find in AMS MR
 @String{StatScience = "Statistical Science" }
 @String{StatScience = "Statist. Sci." }
 @String{Techno = "Technometrics" }
 @String{USSRCompMathPhys = "{USSR} Computational Mathematics and Mathematical
     Physics" }
 @String{USSRCompMathPhys = "{U. S. S. R.} Comput. Math. and Math. Phys." }
 @String{VLSICompSys = "Journal of {VLSI} and Computer Systems" }
 @String{VLSICompSys = "J. {VLSI} Comput. Syst." }
 @String{ZAngewMathMech = "Zeitschrift fur Angewandte Mathematik und
     Mechanik" }
 @String{ZAngewMathMech = "Z. Angew. Math. Mech." }
 @String{ZAngewMathPhys = "Zeitschrift fur Angewandte Mathematik und Physik" }
 @String{ZAngewMathPhys = "Z. Angew. Math. Phys." }

% Publishers % ================================================= |

 @String{Academic = "Academic Press" }
 @String{ACMPress = "{ACM} Press" }
 @String{AdamHilger = "Adam Hilger" }
 @String{AddisonWesley = "Addison-Wesley" }
 @String{AllynBacon = "Allyn and Bacon" }
 @String{AMS = "American Mathematical Society" }
 @String{Birkhauser = "Birkha{\"u}ser" }
 @String{CambridgePress = "Cambridge University Press" }
 @String{Chelsea = "Chelsea" }
 @String{ClaredonPress = "Claredon Press" }
 @String{DoverPub = "Dover Publications" }
 @String{Eyolles = "Eyolles" }
 @String{HoltRinehartWinston = "Holt, Rinehart and Winston" }
 @String{Interscience = "Interscience" }
 @String{JohnsHopkinsPress = "The Johns Hopkins University Press" }
 @String{JohnWileySons = "John Wiley and Sons" }
 @String{Macmillan = "Macmillan" }
 @String{MathWorks = "The Math Works Inc." }
 @String{McGrawHill = "McGraw-Hill" }
 @String{NatBurStd = "National Bureau of Standards" }
 @String{NorthHolland = "North-Holland" }
 @String{OxfordPress = "Oxford University Press" }  %address Oxford or London?
 @String{PergamonPress = "Pergamon Press" }
 @String{PlenumPress = "Plenum Press" }
 @String{PrenticeHall = "Prentice-Hall" }
 @String{SIAMPub = "{SIAM} Publications" }
 @String{Springer = "Springer-Verlag" }
 @String{TexasPress = "University of Texas Press" }
 @String{VanNostrand = "Van Nostrand" }
 @String{WHFreeman = "W. H. Freeman and Co." }

%Entries
%DSS
@inproceedings{zhang100ds,
  title={{DS-DSE: Domain-Specific Design Space Exploration for Streaming Applications}},
  author={Zhang, J. and Tabkhi, H. and Schirner, G.},
  booktitle={Design, Automation \& Test in Europe Conference \& Exhibition (DATE)},
  pages={165--170},
  year={2018},
  address={Dresden, Germany}
}



%FLP
@article{tabkhi2014function,
  title={{Function-level processor (FLP)}: a high performance, minimal bandwidth, low power architecture for market-oriented {MPSoCs}},
  author={Tabkhi, H. and Bushey, R. and Schirner, G.},
  journal={IEEE Embedded Systems Letters},
  volume={6},
  number={4},
  pages={65--68},
  year={2014}
}
@article{nowatzki2017domain,
  title={Domain specialization is generally unnecessary for accelerators},
  author={Nowatzki, T. and Gangadhar, V. and Sankaralingam, K. and Wright, G.},
  journal={IEEE Micro},
  volume={37},
  number={3},
  pages={40--50},
  year={2017},
  publisher={IEEE}
}


%ACC-Rich
@inproceedings{cong2014accelerator,
  title = {Accelerator-rich architectures: Opportunities and progresses},
  author = {Cong, J. and Ghodrat, M.A. and Gill, M. and Grigorian, B. and Gururaj, K. and Reinman, G.},
  booktitle = {Design Automation Conference (DAC)},
  pages = {180:1--180:6},
  year={2014}
}

%HWACCs NOC
@inproceedings{teimouri2016improving,
    title = {Improving scalability of {CMPs} with dense {ACCs} coverage},
	author = {Teimouri, N. and Tabkhi, H. and Schirner, G.},
    booktitle = {Design, Automation \& Test in Europe Conference \& Exhibition (DATE)},
    pages = {1610--1615},
    year = {2016}
}

@conference {Teimouri_DAC_2015,
	title = {{Revisiting Accelerator-Based CMPs: Challenges and Solutions}},
	author = {Teimouri, N. and Tabkhi, H. and Schirner, G.},
	booktitle = {Design Automation Conference (DAC)},
	page = {84:1--84:6},
	year = {2015},
	month = {06}
}

@ARTICLE{Teimouri_TCAD_2018, 
    author={N. Teimouri and H. Tabkhi and G. Schirner}, 
    journal={IEEE Transactions on Computer-Aided Design of Integrated Circuits and Systems}, 
    title={Alleviating Scalability Limitation of Accelerator-based Platforms}, 
    year={2018}, 
    volume={}, 
    number={}, 
    pages={1-1}, 
    keywords={Computer architecture;Scalability;Synchronization;Acceleration;Fabrics;Process control;Semantics;ACMP;ACC;Scalability;ACC Communication Overhead;ACC Communication Semantics;ACC Computation Coverage;Transparent Self-Synchronizing ACCelerators (TSS).}, 
    doi={10.1109/TCAD.2018.2846632}, 
    ISSN={0278-0070}, 
    month={},
}




%SDF3
@inproceedings{stuijk2006sdf,
  title={Sdf\^{} 3: Sdf for free},
  author={Stuijk, S. and Geilen, M. and Basten, T.},
  booktitle={Application of Concurrency to System Design (ACSD)},
  pages={276--278},
  year={2006}
}
%SCE
@article{domer2008system,
  title={{System-on-chip environment: A SpecC-based framework for heterogeneous MPSoC design}},
  author={D{\"o}mer, R. and Gerstlauer, A. and Peng, J. and Shin, D. and Cai, L. and Yu, H. and Abdi, S. and Gajski, D.D.},
  journal={EURASIP Journal on Embedded Systems},
  volume={2008},
  pages={5},
  year={2008}
}

%OpenVX
@article{khronos2017openvx,
  title={{The OpenVX™ Specification v1.1}},
  author={Khronos Vision Working Group and others},
  journal={Web: https://www. khronos. org/registry/OpenVX/specs/1.1/OpenVX\_Specification\_1\_1. pdf},
  year={2017}
}

@article{tabkhi2016function,
  title="{{Function-Level Processor (FLP): A Novel Processor Class for Efficient Processing of Streaming Applications}}",
  author={Tabkhi, H. and Bushey, R. and Schirner, G.},
  journal={Journal of Signal Processing Systems},
  volume={85},
  number={3},
  pages={287--306},
  year={2016}
}
@misc{Intel,
  title = {{Beta for Intel Computer Vision SDK (Intel CV SDK) Support}},
	author={Intel},
  howpublished = {\url{https://software.intel.com/en-us/computer-vision-sdk-support/code-samples}},
	year = {2017},
  note = {Accessed: 2017-09-12}
}
@misc{AMD,
  title = {{AMD OpenVX (AMDOVX)}},
	author = {AMD},
  howpublished = {\url{http://gpuopen.com/compute-product/amd-openvx/}},
	year = {2018},
  note = {Accessed: 2018-02-14}
}



%%%%%%%%%%%%%%%%Previous Exact DSE%%%%%%%%%%%%%%%%%%%%%
@article{wu2006low,
  title={Low-complex dynamic programming algorithm for hardware/software partitioning},
  author={Wu, J. and Srikanthan, T.},
  journal={Information processing letters},
  volume={98},
  number={2},
  pages={41--46},
  year={2006}
}
@article{niemann1997algorithm,
  title={An algorithm for hardware/software partitioning using mixed integer linear programming},
  author={Niemann, R. and Marwedel, P.},
  journal={Design Automation for Embedded Systems},
  volume={2},
  number={2},
  pages={165--193},
  year={1997}
}
@inproceedings{kuang2005partitioning,
  title={Partitioning and pipelined scheduling of embedded system using integer linear programming},
  author={Kuang, S. and Chen, C. and Liao, R.},
  booktitle={Parallel and Distributed Systems},
  volume={2},
  pages={37--41},
  year={2005}
}
@article{chatha2002hardware,
  title={Hardware-software partitioning and pipelined scheduling of transformative applications},
  author={Chatha, K.S and Vemuri, R.},
  journal={IEEE Transactions on Very Large Scale Integration (VLSI) Systems},
  volume={10},
  number={3},
  pages={193--208},
  year={2002}
}
@inproceedings{jigang2004branch,
  title={A branch-and-bound algorithm for hardware/software partitioning},
  author={Wu, J. and Thambipillai, S.},
  booktitle={Signal Processing and Information Technology},
  pages={526--529},
  year={2004}
}








%%%%%%%%%%%%Previous Heuristics DSE%%%%%%%%%%%%%%%%%%%%%%%

% Heuritic Exploration
@inproceedings{van2010scenario,
  title={{Scenario-based design space exploration of MPSoCs}},
  author={Van Stralen, P. and Pimentel, A.},
  booktitle={Computer Design (ICCD)},
  pages={305--312},
  year={2010}
}
@inproceedings{abdeen2014multi,
  title={Multi-objective optimization in rule-based design space exploration},
  author={Abdeen, H. and Varr{\'o}, D. and Sahraoui, H. and Nagy, A.S. and Debreceni, C. and Heged{\"u}s, {\'A}. and Horv{\'a}th, {\'A}.},
  booktitle={International Conference on Automated Software Engineering},
  pages={289--300},
  year={2014}
}
@article{liang2013hardware,
  title={Hardware/software partitioning based on greedy algorithm and simulated annealing algorithm},
  author={Liang, Z. and Cheng, X. and Zheng, T. and Tao, L.},
  journal={J. Comput. Appl},
  volume={7},
  pages={030},
  year={2013}
}
@article{wu2013efficient,
  title={Efficient heuristic and tabu search for hardware/software partitioning},
  author={Wu, J. and Wang, P. and Lam, S. and Srikanthan, T.},
  journal={The Journal of Supercomputing},
  volume={66},
  number={1},
  pages={118--134},
  year={2013}
}
@inproceedings{tang2015hardware,
  title={{Hardware/software partitioning of embedded System-on-Chip applications}},
  author={Tang, J. and Hau, Y. Wen and Marsono, M.N.},
  booktitle={Very Large Scale Integration (VLSI-SoC)},
  pages={331--336},
  year={2015}
}
@article{wang2015greedy,
  title={{Greedy Partitioning and Insert Scheduling Algorithm for Hardware--Software Codesign on MPSoCs}},
  author={Wang, C. and Li, C. and Li, X. and Wang, A. and Jia, F. and Zhou, X. and Nedjah, N.},
  journal={Reconfigurable and Adaptive Computing: Theory and Applications},
  pages={191},
  year={2015}
}



%%%%%%%%%%Evaluation
%makespan
@book{pinedo2016scheduling,
  title={Scheduling: theory, algorithms, and systems},
  author={Pinedo, M.L.},
  year={2016},
  publisher={Springer}
}
%balanced load
@article{omara2010genetic,
  title={Genetic algorithms for task scheduling problem},
  author={Omara, F.A. and Arafa, M.M.},
  journal={Journal of Parallel and Distributed Computing},
  volume={70},
  number={1},
  pages={13--22},
  year={2010}
}
%Seasame
@article{pimentel2006systematic,
  title={A systematic approach to exploring embedded system architectures at multiple abstraction levels},
  author={Pimentel, A.D. and Erbas, C. and Polstra, S.},
  journal={IEEE Transactions on Computers},
  volume={55},
  number={2},
  pages={99--112},
  year={2006}
}
%TLM
@book{ghenassia2005transaction,
  title={{Transaction-level modeling with SystemC}},
  author={Ghenassia, F. and others},
  year={2005},
  publisher={Springer}
}

%pruning
@inproceedings{zhang2014automatic,
  title={Automatic specification granularity tuning for design space exploration},
  author={Zhang, J. and Schirner, G.},
  booktitle={Design, Automation \& Test in Europe (DATE)},
  pages={214},
  year={2014}
}
@inproceedings{mariani2010correlation,
  title={A correlation-based design space exploration methodology for multi-processor systems-on-chip},
  author={Mariani, G. and Brankovic, A. and Palermo, G. and Jovic, J. and Zaccaria, V. and Silvano, C.},
  booktitle={Design Automation Conference (DAC)},
  pages={120--125},
  year={2010}
}



%%%%%%%%%%GA
%elitist
@inproceedings{quan2014towards,
  title={{Towards exploring vast MPSoC mapping design spaces using a bias-elitist evolutionary approach}},
  author={Quan, W. and Pimentel, A.D.},
  booktitle={Digital System Design (DSD)},
  pages={655--658},
  year={2014}
}


%smart mutation
@inproceedings{alexandrescu2011genetic,
  title={A genetic algorithm for mapping tasks in heterogeneous computing systems},
  author={Alexandrescu, A. and Agavriloaei, I. and Craus, M.},
  booktitle={System Theory, Control, and Computing (ICSTCC)},
  pages={1--6},
  year={2011}
}
  %organization={IEEE}

%local search
@article{wen2011heuristic,
  title={A heuristic-based hybrid genetic-variable neighborhood search algorithm for task scheduling in heterogeneous multiprocessor system},
  author={Wen, Y. and Xu, H. and Yang, J.},
  journal={Information Sciences},
  volume={181},
  number={3},
  pages={567--581},
  year={2011}
}

%initial
@article{page2010multi,
  title={Multi-heuristic dynamic task allocation using genetic algorithms in a heterogeneous distributed system},
  author={Page, A.J. and Keane, T.M. and Naughton, T.J.},
  journal={Journal of parallel and distributed computing},
  volume={70},
  number={7},
  pages={758--766},
  year={2010}
}




%App-specific Design
@inproceedings{gruttner2011challenges,
  title={Challenges of multi-and many-core architectures for electronic system-level design},
  author={Gruttner, K. and Hartmann, P.A. and Reinkemeier, P. and Oppenheimer, F. and Nebel, W.},
  booktitle={Embedded Computer Systems (SAMOS)},
  pages={331--338},
  year={2011}
}
@article{keinert2009systemcodesigner,
  title={{SystemCoDesigner—an automatic ESL synthesis approach by design space exploration and behavioral synthesis for streaming applications}},
  author={Keinert, J. and Schlichter, T. and Falk, J. and Gladigau, J. and Haubelt, C. and Teich, J. and Meredith, M. and others},
  journal={ACM Transactions on Design Automation of Electronic Systems (TODAES)},
  volume={14},
  number={1},
  pages={1},
  year={2009}
}
  %publisher={ACM}

%Platform-based Design
@inproceedings{graf2014multi,
  title={Multi-variant-based design space exploration for automotive embedded systems},
  author={Graf, S. and Gla{\ss}, M. and Teich, J. and Lauer, C.},
  booktitle={Design, Automation and Test in Europe Conference and Exhibition (DATE)},
  pages={1--6},
  year={2014}
}
  %organization={IEEE}

@inproceedings{gladigau2010system,
  title={A system-level synthesis approach from formal application models to generic bus-based mpsocs},
  author={Gladigau, J. and Gerstlauer, A. and Haubelt, C. and Streub{\"u}hr, M. and Teich, J.},
  booktitle={Embedded Computer Systems (SAMOS)},
  pages={118--125},
  year={2010}
}



%multi-mode design flow
@inproceedings{wildermann2011operational,
  title={Operational mode exploration for reconfigurable systems with multiple applications},
  author={Wildermann, S. and Reimann, F. and Teich, J. and Salcic, Z.},
  booktitle={Field-Programmable Technology (FPT)},
  pages={1--8},
  year={2011}
}
  %organization={IEEE}


%Domain definition
@article{kang1998form,
  title={{FORM: A feature-; oriented reuse method with domain-; specific reference architectures}},
  author={Kang, Kyo C and Kim, Sajoong and Lee, Jaejoon and Kim, Kijoo and Shin, Euiseob and Huh, Moonhang},
  journal={Annals of Software Engineering},
  volume={5},
  number={1},
  pages={143},
  year={1998},
  publisher={Springer}
}
@article{tracz1995dssa,
  title={DSSA (domain-specific software architecture): pedagogical example},
  author={Tracz, Will},
  journal={ACM SIGSOFT Software Engineering Notes},
  volume={20},
  number={3},
  pages={49--62},
  year={1995},
  publisher={ACM}
}
@techreport{kang1990feature,
  title={{Feature-oriented domain analysis (FODA) feasibility study}},
  author={Kang, Kyo C and Cohen, Sholom G and Hess, James A and Novak, William E and Peterson, A Spencer},
  year={1990},
  institution={Carnegie-Mellon Univ Pittsburgh Pa Software Engineering Inst}
}


% ------ test
%incollection{Kong:2003:IEC:887006.887010,
% author = {Kong, Wei-Chang},
% chapter = {The implementation of electronic commerce in SMEs in Singapore (Incoll-text-in-chap)},
% booktitle = {booktitle E-commerce and cultural values},
% title =   {The title},
% editor = {Thanasankit, Theerasak},
% year = {2003},
% isbn = {1-59140-056-2},
% pages = {51--74},
% numpages = {24},
% url = {http://portal.acm.org/citation.cfm?id=887006.887010},
% acmid = {887010},
% publisher = {IGI Publishing},
% address = {Hershey, PA, USA},
%}


% ---------

